<?xml version="1.0" encoding="UTF-8"?><collection xmlns="http://www.loc.gov/MARC21/slim"><record><leader>00530nam--2200133-i-4500</leader><controlfield tag="001">000007522</controlfield><controlfield tag="002">20161230</controlfield><controlfield tag="005">20161230201027</controlfield><controlfield tag="008">060222s1000------------r-----000-0-eng-d</controlfield><datafield ind1=" " ind2=" " tag="100"><subfield code="a">Bajorn, Robert</subfield></datafield><datafield ind1=" " ind2=" " tag="245"><subfield code="a">Obtention d`un faisceau de protons monocine tiques a l`aide d`un van de graaf et etude des resonances de capture de protons d`energie com prise entre 1 et 2 mev par le magnesium 25 et le magnesium 26</subfield></datafield><datafield ind1=" " ind2=" " tag="260"><subfield code="a">Paris, La Faculte Des Sciences De L`Universite 1959. 545-594 P</subfield></datafield><datafield ind1=" " ind2=" " tag="490"><subfield code="a">Theses. Series A</subfield></datafield><datafield ind1=" " ind2=" " tag="852"><subfield code="a">22880</subfield></datafield></record></collection>